@inproceedings{conf/ipps/XiaoF10,
  added-at = {2011-02-07T00:00:00.000+0100},
  author = {Xiao, Shucai and chun Feng, Wu},
  biburl = {http://www.bibsonomy.org/bibtex/20bec7e9c742bd0cfedaa92ef7d67e298/dblp},
  booktitle = {IPDPS},
  ee = {http://dx.doi.org/10.1109/IPDPS.2010.5470477},
  interhash = {98f3629745a805d78c38c4b2ef47ad37},
  intrahash = {0bec7e9c742bd0cfedaa92ef7d67e298},
  keywords = {dblp},
  pages = {1-12},
  publisher = {IEEE},
  timestamp = {2011-02-07T00:00:00.000+0100},
  title = {Inter-block GPU communication via fast barrier synchronization.},
  url = {http://dblp.uni-trier.de/db/conf/ipps/ipdps2010.html#XiaoF10},
  year = 2010
}
